<collection xmlns="http://www.loc.gov/MARC21/slim">
<record>
  <leader>01378nam0a2200253 i 450 </leader>
  <controlfield tag="001">IT\ICCU\CNCE\024342</controlfield>
  <controlfield tag="005">20160120000000.0</controlfield>
  <datafield tag="012" ind1=" " ind2=" ">
    <subfield code="a">dipa ,&amp;al a.ro rote (C) 1590 (Q)</subfield>
    <subfield code="2">fei</subfield>
  </datafield>
  <datafield tag="100" ind1=" " ind2=" ">
    <subfield code="a">19970821f1590        0itac0103    ba</subfield>
  </datafield>
  <datafield tag="101" ind1=" " ind2=" ">
    <subfield code="a">ITA</subfield>
  </datafield>
  <datafield tag="102" ind1=" " ind2=" ">
    <subfield code="a">IT</subfield>
  </datafield>
  <datafield tag="200" ind1="1" ind2=" ">
    <subfield code="a">Ordini generali nouamente stabiliti dall&apos;ill.mo et eccell.mo sig. duca di Terra Noua, gouernatore del stato di Milano. Co&apos;l parere dell&apos;eccel. cons. secreto, et dell&apos;ill. magistrato straord. con i quali s&apos;introduce noua forma, che per l&apos;auenire s&apos;aur ̉daosseruare nel particolare della reparatione, et acconciatura delle strade reali et maestre, con minor dispendio de popoli, et pi ̮acertata prouisione, di mantener dette strade ben&apos;acconcie ...</subfield>
  </datafield>
  <datafield tag="210" ind1=" " ind2=" ">
    <subfield code="a">In Milano</subfield>
    <subfield code="c">per Leonardo Pontio stampatore reg. cam.</subfield>
    <subfield code="d">\1590?!</subfield>
  </datafield>
  <datafield tag="215" ind1=" " ind2=" ">
    <subfield code="a">\6! c.</subfield>
    <subfield code="d">4ʻ</subfield>
  </datafield>
  <datafield tag="300" ind1=" " ind2=" ">
    <subfield code="a">Data di emanazione: Milano, 4 aprile 1590</subfield>
  </datafield>
  <datafield tag="620" ind1=" " ind2=" ">
    <subfield code="a">IT</subfield>
    <subfield code="d">Milano</subfield>
  </datafield>
  <datafield tag="710" ind1="0" ind2="2">
    <subfield code="a">Milano</subfield>
    <subfield code="c"> &lt;Ducato&gt;</subfield>
    <subfield code="3">6960</subfield>
  </datafield>
  <datafield tag="712" ind1="0" ind2="0">
    <subfield code="a">Da_Ponte, Leonardo</subfield>
    <subfield code="3">IT\ICCU\CNCT\000811</subfield>
    <subfield code="4">650</subfield>
  </datafield>
  <datafield tag="791" ind1="0" ind2="0">
    <subfield code="a">Pontius, Leonardus</subfield>
    <subfield code="3">IT\ICCU\CNCT\003711</subfield>
    <subfield code="z">Da_Ponte, Leonardo</subfield>
  </datafield>
  <datafield tag="791" ind1="0" ind2="0">
    <subfield code="a">Ponte, Leonardo da</subfield>
    <subfield code="3">IT\ICCU\CNCT\003715</subfield>
    <subfield code="z">Da_Ponte, Leonardo</subfield>
  </datafield>
  <datafield tag="791" ind1="0" ind2="0">
    <subfield code="a">Pontio, Leonardo</subfield>
    <subfield code="3">IT\ICCU\CNCT\004490</subfield>
    <subfield code="z">Da_Ponte, Leonardo</subfield>
  </datafield>
  <datafield tag="791" ind1="0" ind2="0">
    <subfield code="a">Ponzio, Leonardo</subfield>
    <subfield code="3">IT\ICCU\CNCT\004491</subfield>
    <subfield code="z">Da_Ponte, Leonardo</subfield>
  </datafield>
  <datafield tag="801" ind1=" " ind2="3">
    <subfield code="a">IT</subfield>
    <subfield code="b">ICCU</subfield>
    <subfield code="c">20201114</subfield>
  </datafield>
  <datafield tag="899" ind1=" " ind2=" ">
    <subfield code="a">Biblioteca Reale. Torino</subfield>
    <subfield code="1">TO0263</subfield>
    <subfield code="2">TO0 07</subfield>
  </datafield>
</record>
</collection>
